% =============================================================================
% FICHIER BIBLIOGRAPHIQUE
% Références pour la spectroscopie THz et le photomélange
% =============================================================================

@article{Dhillon2017,
    title = {The 2017 terahertz science and technology roadmap},
    author = {Dhillon, S. S. and Vitiello, M. S. and Linfield, E. H. and Davies, A. G. and Hoffmann, M. C. and Booske, J. and Paoloni, C. and Gensch, M. and Weightman, P. and Williams, G. P. and Castro-Camus, E. and Cumming, D. R. S. and Simoens, F. and Escorcia-Carranza, I. and Grant, J. and Lucyszyn, S. and Kuwata-Gonokami, M. and Konishi, K. and Koch, M. and Schmuttenmaer, C. A. and Cocker, T. L. and Huber, R. and Markelz, A. G. and Taylor, Z. D. and Wallace, V. P. and Zeitler, J. A. and Sibik, J. and Korter, T. M. and Ellison, B. and Rea, S. and Goldsmith, P. and Jacobs, K. B. and Rely, S. and Thomas, B. S. and Kessler, A. and Hochrein, T. and Lewen, F. and Schlemmer, S. and Fascio, L. and Limbach, C. and Wanke, M. C. and Rahm, M. and Zeitler, J. A. and Preu, S. and Hanham, S. M. and Stringer, M. R. and Robertson, D. A. and Aeppli, G. and MacManus-Driscoll, J. L. and Young, A. and Rea, S. and Goldsmith, P. and Jacobs, K. B. and Rely, S. and Thomas, B. S.},
    journal = {Journal of Physics D: Applied Physics},
    volume = {50},
    number = {4},
    pages = {043001},
    year = {2017},
    publisher = {IOP Publishing},
    doi = {10.1088/1361-6463/50/4/043001}
}

@article{Yasui2005,
    title = {Terahertz frequency metrology based on frequency comb},
    author = {Yasui, T. and Kabetani, Y. and Saneyoshi, E. and Yokoyama, S. and Araki, T.},
    journal = {Applied Physics Letters},
    volume = {88},
    number = {24},
    pages = {241104},
    year = {2006},
    publisher = {American Institute of Physics},
    doi = {10.1063/1.2209718}
}

@article{Hindle2019,
    title = {Terahertz gas phase spectroscopy using a high-finesse Fabry-Pérot cavity},
    author = {Hindle, F. and Bocquet, R. and Pienkina, A. and Cuisset, A. and Mouret, G.},
    journal = {Optica},
    volume = {6},
    number = {12},
    pages = {1449--1454},
    year = {2019},
    publisher = {Optical Society of America},
    doi = {10.1364/OPTICA.6.001449}
}

@article{Consolino2017,
    title = {Phase-locking to a free-space terahertz comb for metrological-grade terahertz lasers},
    author = {Consolino, L. and Taschin, A. and Bartolini, P. and Bartalini, S. and Cancio, P. and Tredicucci, A. and De Natale, P.},
    journal = {Nature Communications},
    volume = {3},
    pages = {1040},
    year = {2012},
    publisher = {Nature Publishing Group},
    doi = {10.1038/ncomms2048}
}

@article{Pirali2010,
    title = {The AILES Infrared Beamline on the third generation Synchrotron Radiation Facility SOLEIL},
    author = {Pirali, O. and Goubet, M. and Huet, T. R. and Georges, R. and Soulard, P. and Asselin, P. and Parchansky, V. and Boudon, V. and Roy, P.},
    journal = {Review of Scientific Instruments},
    volume = {81},
    number = {4},
    pages = {043109},
    year = {2010},
    publisher = {American Institute of Physics},
    doi = {10.1063/1.3360925}
}

@article{Brown2002,
    title = {Distributed feedback semiconductor lasers for terahertz generation},
    author = {Brown, E. R. and Bjarnason, J. E. and Faust, A. M. and Wyss, C. R.},
    journal = {Applied Physics Letters},
    volume = {81},
    number = {12},
    pages = {2076--2078},
    year = {2002},
    publisher = {American Institute of Physics},
    doi = {10.1063/1.1506905}
}

@book{Mittleman2018,
    title = {Sensing with Terahertz Radiation},
    author = {Mittleman, D.},
    year = {2003},
    publisher = {Springer},
    series = {Springer Series in Optical Sciences},
    volume = {85},
    isbn = {978-3-642-05561-5}
}

@article{Demers2007,
    title = {THz interstellar astronomy},
    author = {Combes, F. and Wiklind, T.},
    journal = {Astronomy and Astrophysics},
    volume = {486},
    number = {3},
    pages = {L91--L94},
    year = {2008},
    publisher = {EDP Sciences},
    doi = {10.1051/0004-6361:200810550}
}

@article{Mueller2008,
    title = {1.5 THz four-wave mixing spectroscopy in a molecular gas},
    author = {Mueller, K. L. and Yeh, K. L. and Unterrainer, K. and Nelson, K. A.},
    journal = {Applied Physics Letters},
    volume = {92},
    number = {17},
    pages = {171107},
    year = {2008},
    publisher = {American Institute of Physics},
    doi = {10.1063/1.2918014}
}

@techreport{REFIMEVE2020,
    title = {REFIMEVE: The French optical frequency dissemination network},
    author = {Lopez, O. and Haboucha, A. and Chanteau, B. and Chardonnet, C. and Amy-Klein, A. and Santarelli, G.},
    institution = {LNE-SYRTE},
    year = {2020},
    type = {Technical Report},
    address = {Paris, France}
}

@manual{Toptica2023,
    title = {DFC CORE+ Frequency Comb System - User Manual},
    organization = {Toptica Photonics AG},
    year = {2023},
    edition = {Version 2.1},
    address = {Gräfelfing, Germany}
}

@manual{Arroyo2022,
    title = {TECSource 5240 Temperature Controller - Operating Manual},
    organization = {Arroyo Instruments},
    year = {2022},
    edition = {Rev. C},
    address = {San Luis Obispo, CA, USA}
}

@phdthesis{Mouret2003,
    title = {Spectroscopie térahertz haute résolution de molécules d'intérêt atmosphérique et astrophysique},
    author = {Mouret, G.},
    school = {Université de Lille 1},
    year = {2003},
    type = {Thèse de doctorat},
    address = {Lille, France}
}

@misc{ISMO2024,
    title = {Institut des Sciences Moléculaires d'Orsay - Rapport d'activité 2023-2024},
    howpublished = {\url{https://www.ismo.universite-paris-saclay.fr}},
    year = {2024},
    note = {Consulté le 15 juin 2025}
}

@article{Cuadrado2017,
    title = {Complex organic molecules in the interstellar medium: IRAM 30 m line survey of Sagittarius B2(N) and (M)},
    author = {Cuadrado, S. and Goicoechea, J. R. and Pilleri, P. and Cernicharo, J. and Fuente, A. and Joblin, C.},
    journal = {Astronomy \& Astrophysics},
    volume = {603},
    pages = {A124},
    year = {2017},
    publisher = {EDP Sciences},
    doi = {10.1051/0004-6361/201730459}
}